<collection xmlns="http://www.loc.gov/MARC21/slim">
<record>
  <leader>00656nam0a22001571i 450 </leader>
  <controlfield tag="001">IT\ICCU\CNCE\062846</controlfield>
  <controlfield tag="005">20051207000000.0</controlfield>
  <datafield tag="100" ind1=" " ind2=" ">
    <subfield code="a">20051207d1538        0itac0103    ba</subfield>
  </datafield>
  <datafield tag="101" ind1=" " ind2=" ">
    <subfield code="a">HEB</subfield>
  </datafield>
  <datafield tag="102" ind1=" " ind2=" ">
    <subfield code="a">IT</subfield>
  </datafield>
  <datafield tag="200" ind1="1" ind2=" ">
    <subfield code="a">Perus humse Megillot Theillim Misele Iob Daniel Ezra ... Ibn Yahya ...</subfield>
  </datafield>
  <datafield tag="210" ind1=" " ind2=" ">
    <subfield code="a">Boloniia</subfield>
    <subfield code="c">per mano dei soci</subfield>
    <subfield code="d">5298  1537-38!</subfield>
  </datafield>
  <datafield tag="215" ind1=" " ind2=" ">
    <subfield code="a">40, 121 i.e. 122! c.</subfield>
    <subfield code="d">fol</subfield>
  </datafield>
  <datafield tag="300" ind1=" " ind2=" ">
    <subfield code="a">ANNULLATA  !!!!  in ebraico((Rif.: Busi G. Edizioni ebraiche del XVI secolo, n. 283. - Segn.: 1-5&lt;8&gt;,&lt;2&gt;1-15&lt;8&gt; 16&lt;2&gt;. - Ripetute nella num. le c. 118 e 120</subfield>
  </datafield>
  <datafield tag="801" ind1=" " ind2="3">
    <subfield code="a">IT</subfield>
    <subfield code="b">ICCU</subfield>
    <subfield code="c">20201115</subfield>
  </datafield>
  <datafield tag="899" ind1=" " ind2=" ">
    <subfield code="a">Biblioteca comunale dell&apos;Archiginnasio. Bologna</subfield>
    <subfield code="1">BO0304</subfield>
    <subfield code="2">UBO GA</subfield>
  </datafield>
</record>
</collection>
